@article{singleton2010viral,
  title={Viral respiratory infections in hospitalized and community control children in Alaska},
  author={Singleton, Rosalyn J and Bulkow, Lisa R and Miernyk, Karen and DeByle, Carolynn and Pruitt, Lori and Hummel, Kimberlee Boyd and Bruden, Dana and Englund, Janet A and Anderson, Larry J and Lucher, Lynne and others},
  journal={Journal of medical virology},
  volume={82},
  number={7},
  pages={1282--1290},
  year={2010},
  publisher={Wiley Online Library}
}



@article{tikhomirova2013haemophilus,
  title={Haemophilus influenzae and Streptococcus pneumoniae: living together in a biofilm},
  author={Tikhomirova, Alexandra and Kidd, Stephen P},
  journal={Pathogens and disease},
  volume={69},
  number={2},
  pages={114--126},
  year={2013},
  publisher={The Oxford University Press}
}


@article{bhattachayya1943measure,
  title={On a measure of divergence between two statistical population defined by their population distributions},
  author={Bhattachayya, A},
  journal={Bulletin Calcutta Mathematical Society},
  volume={35},
  number={99-109},
  pages={28},
  year={1943}
}


@article{george1993variable,
  title={Variable selection via Gibbs sampling},
  author={George, Edward I and McCulloch, Robert E},
  journal={Journal of the American Statistical Association},
  volume={88},
  number={423},
  pages={881--889},
  year={1993},
  publisher={Taylor \& Francis Group}
}

@incollection{george1996stochastic,
  title={Stochastic search variable selection},
  author={George, Edward I and McCulloch, Robert E},
  booktitle={Markov chain Monte Carlo in practice},
  pages={203--214},
  year={1996},
  publisher={Springer}
}

@book{friedman2001elements,
  title={The elements of statistical learning},
  author={Friedman, Jerome and Hastie, Trevor and Tibshirani, Robert},
  volume={1},
  year={2001},
  publisher={Springer series in statistics Springer, Berlin}
}

@book{rothman2008modern,
  title={Modern epidemiology},
  author={Rothman, Kenneth J and Greenland, Sander and Lash, Timothy L},
  year={2008},
  publisher={Lippincott Williams \& Wilkins}
}

@article{lipsitz1995estimation,
  title={Estimation methods for the joint distribution of repeated binary observations},
  author={Lipsitz, Stuart R and Fitzmaurice, Garret M and Sleeper, Lynn and Zhao, LP},
  journal={Biometrics},
  pages={562--570},
  year={1995},
  publisher={JSTOR}
}

@article{zeger1988models,
  title={Models for longitudinal data: a generalized estimating equation approach},
  author={Zeger, Scott L and Liang, Kung-Yee and Albert, Paul S},
  journal={Biometrics},
  pages={1049--1060},
  year={1988},
  publisher={JSTOR}
}

@article{liang1986longitudinal,
  title={Longitudinal data analysis using generalized linear models},
  author={Liang, Kung-Yee and Zeger, Scott L},
  journal={Biometrika},
  pages={13--22},
  year={1986},
  publisher={JSTOR}
}

@article{lipsitz1991generalized,
  title={Generalized estimating equations for correlated binary data: using the odds ratio as a measure of association},
  author={Lipsitz, Stuart R and Laird, Nan M and Harrington, David P},
  journal={Biometrika},
  volume={78},
  number={1},
  pages={153--160},
  year={1991},
  publisher={Biometrika Trust}
}

@book{banerjee2014hierarchical,
  title={Hierarchical modeling and analysis for spatial data},
  author={Banerjee, Sudipto and Carlin, Bradley P and Gelfand, Alan E},
  year={2014},
  publisher={Crc Press}
}

@article{besag1974spatial,
  title={Spatial interaction and the statistical analysis of lattice systems},
  author={Besag, Julian},
  journal={Journal of the Royal Statistical Society. Series B (Methodological)},
  pages={192--236},
  year={1974},
  publisher={JSTOR}
}

@article{fitzmaurice1993likelihood,
  title={A likelihood-based method for analysing longitudinal binary responses},
  author={Fitzmaurice, Garrett M and Laird, Nan M},
  journal={Biometrika},
  volume={80},
  number={1},
  pages={141--151},
  year={1993},
  publisher={Biometrika Trust}
}

@article{ekholm1995marginal,
  title={Marginal regression analysis of a multivariate binary response},
  author={Ekholm, Anders and Smith, Peter WF and McDonald, John W},
  journal={Biometrika},
  volume={82},
  number={4},
  pages={847--854},
  year={1995},
  publisher={Biometrika Trust}
}

@article{ekholm2000association,
  title={Association models for a multivariate binary response},
  author={Ekholm, Anders and McDonald, John W and Smith, Peter WF},
  journal={Biometrics},
  pages={712--718},
  year={2000},
  publisher={JSTOR}
}


@article{deming1940least,
  title={On a least squares adjustment of a sampled frequency table when the expected marginal totals are known},
  author={Deming, W Edwards and Stephan, Frederick F},
  journal={The Annals of Mathematical Statistics},
  volume={11},
  number={4},
  pages={427--444},
  year={1940},
  publisher={JSTOR}
}

@article{cox1972analysis,
  title={The analysis of multivariate binary data},
  author={Cox, David R},
  journal={Applied statistics},
  pages={113--120},
  year={1972},
  publisher={JSTOR}
}

@article{bahadur1961representation,
  title={A representation of the joint distribution of responses to n dichotomous items},
  author={Bahadur, Raghu Raj},
  journal={Studies in item analysis and prediction},
  volume={6},
  pages={158--168},
  year={1961}
}

@article{haberman1973log,
  title={Log-linear models for frequency data: Sufficient statistics and likelihood equations},
  author={Haberman, Shelby J},
  journal={The Annals of Statistics},
  pages={617--632},
  year={1973},
  publisher={JSTOR}
}

@misc{WHO,
  title = {WHO pneumonia fact sheets},
  howpublished = {\url{http://www.who.int/mediacentre/factsheets/fs331/en/}},
  note = {Accessed: 2015-09-30}
}

@article{singh2011pneumonia,
  title={Pneumonia--management in the developing world},
  author={Singh, Varinder and Aneja, Satinder},
  journal={Paediatric respiratory reviews},
  volume={12},
  number={1},
  pages={52--59},
  year={2011},
  publisher={Elsevier}
}

@article{unicef2006pneumonia,
  title={Pneumonia: the forgotten killer of children},
  author={UNICEF, WHO and UNICEF, WHO and others},
  journal={UNICEF/WHO},
  pages={1--40},
  year={2006}
}

@article{world2009global,
  title={Global action plan for prevention and control of pneumonia (GAPP)},
  author={World Health Organization and UNICEF and others},
  year={2009},
  publisher={Geneva: World Health Organization}
}

@article{black2010global,
  title={Global, regional, and national causes of child mortality in 2008: a systematic analysis},
  author={Black, Robert E and Cousens, Simon and Johnson, Hope L and Lawn, Joy E and Rudan, Igor and Bassani, Diego G and Jha, Prabhat and Campbell, Harry and Walker, Christa Fischer and Cibulskis, Richard and others},
  journal={The lancet},
  volume={375},
  number={9730},
  pages={1969--1987},
  year={2010},
  publisher={Elsevier}
}

@article{liu2012global,
  title={Global, regional, and national causes of child mortality: an updated systematic analysis for 2010 with time trends since 2000},
  author={Liu, Li and Johnson, Hope L and Cousens, Simon and Perin, Jamie and Scott, Susana and Lawn, Joy E and Rudan, Igor and Campbell, Harry and Cibulskis, Richard and Li, Mengying and others},
  journal={The Lancet},
  volume={379},
  number={9832},
  pages={2151--2161},
  year={2012},
  publisher={Elsevier}
}

@article{levine2012pneumonia,
  title={The Pneumonia Etiology Research for Child Health Project: a 21st century childhood pneumonia etiology study},
  author={Levine, Orin S and Oâ€™Brien, Katherine L and Deloria-Knoll, Maria and Murdoch, David R and Feikin, Daniel R and DeLuca, Andrea N and Driscoll, Amanda J and Baggett, Henry C and Brooks, W Abdullah and Howie, Stephen RC and others},
  journal={Clinical infectious diseases},
  volume={54},
  number={suppl 2},
  pages={S93--S101},
  year={2012},
  publisher={Oxford University Press}
}

@article{hirama2011prediction,
  title={Prediction of the pathogens that are the cause of pneumonia by the battlefield hypothesis},
  author={Hirama, Takashi and Yamaguchi, Takefumi and Miyazawa, Hitoshi and Tanaka, Tomoaki and Hashikita, Giichi and Kishi, Etsuko and Tachi, Yoshimi and Takahashi, Shun and Kodama, Keiji and Egashira, Hiroshi and others},
  journal={PloS one},
  volume={6},
  number={9},
  pages={e24474},
  year={2011},
  publisher={Public Library of Science}
}

@article{shann1986etiology,
  title={Etiology of severe pneumonia in children in developing countries.},
  author={SHANN, FRANK},
  journal={The Pediatric Infectious Disease Journal},
  volume={5},
  number={2},
  pages={247--252},
  year={1986},
  publisher={LWW}
}

@article{world1990programme,
  title={Programme for the control of acute respiratory infections},
  author={World Health Organization and others},
  journal={Acute respiratory infections in children: case management in small hospitals in developing countries. A manual for doctors and other senior health workers. Geneva, Switzerland: World Health Organization},
  year={1990}
}

@article{calder2009evidence,
  title={Evidence behind the WHO guidelines: hospital care for children: what is the aetiology of pneumonia in HIV-infected children in developing countries?},
  author={Calder, Daniel and Qazi, Shamim},
  journal={Journal of tropical pediatrics},
  volume={55},
  number={4},
  pages={219--224},
  year={2009},
  publisher={Oxford Univ Press}
}

@article{gustafson2002bayesian,
  title={A Bayesian approach to case--control studies with errors in covariables},
  author={Gustafson, Paul and Le, Nhu D and Vall{\'e}e, Marc},
  journal={Biostatistics},
  volume={3},
  number={2},
  pages={229--243},
  year={2002},
  publisher={Biometrika Trust}
}

@article{adegbola2011rationale,
  title={Rationale and expectations of the Pneumonia Etiology Research for Child Health (PERCH) study.},
  author={Adegbola, Richard A and Levine, Orin S},
  journal={Expert review of respiratory medicine},
  volume={5},
  number={6},
  pages={731},
  year={2011}
}

@article{deloria2012identification,
  title={Identification and selection of cases and controls in the Pneumonia Etiology Research for Child Health project},
  author={Deloria-Knoll, Maria and Feikin, Daniel R and Scott, J Anthony G and Oâ€™Brien, Katherine L and DeLuca, Andrea N and Driscoll, Amanda J and Levine, Orin S and others},
  journal={Clinical infectious diseases},
  volume={54},
  number={suppl 2},
  pages={S117--S123},
  year={2012},
  publisher={Oxford University Press}
}

@article{hammitt2012specimen,
  title={Specimen collection for the diagnosis of pediatric pneumonia},
  author={Hammitt, Laura L and Murdoch, David R and Scott, J Anthony G and Driscoll, Amanda and Karron, Ruth A and Levine, Orin S and Oâ€™Brien, Katherine L and others},
  journal={Clinical infectious diseases},
  volume={54},
  number={suppl 2},
  pages={S132--S139},
  year={2012},
  publisher={Oxford University Press}
}

@article{murdoch2012laboratory,
  title={Laboratory methods for determining pneumonia etiology in children},
  author={Murdoch, David R and Oâ€™Brien, Katherine L and Driscoll, Amanda J and Karron, Ruth A and Bhat, Niranjan and others},
  journal={Clinical infectious diseases},
  volume={54},
  number={suppl 2},
  pages={S146--S152},
  year={2012},
  publisher={Oxford University Press}
}



@article{wu2015partially,
  title={Partially latent class models for case--control studies of childhood pneumonia aetiology},
  author={Wu, Zhenke and Deloria-Knoll, Maria and Hammitt, Laura L and Zeger, Scott L},
  journal={Journal of the Royal Statistical Society: Series C (Applied Statistics)},
  year={2015},
  publisher={Wiley Online Library}
}

@article{wu2015nested,
  title={Nested Partially-Latent Class Models for Dependent Binary Data; Estimating Disease Etiology},
  author={Wu, Zhenke and Deloria-Knoll, Maria and Zeger, Scott L},
  year={2015},
  publisher={bepress}
}

@article{goodman1974exploratory,
  title={Exploratory latent structure analysis using both identifiable and unidentifiable models},
  author={Goodman, Leo A},
  journal={Biometrika},
  volume={61},
  number={2},
  pages={215--231},
  year={1974},
  publisher={Biometrika Trust}
}

@inproceedings{rindskopf2002use,
  title={The use of latent class analysis in medical diagnosis},
  author={Rindskopf, David},
  booktitle={Papers presented},
  volume={26},
  pages={2912--2916},
  year={2002},
  organization={World Scientific}
}

@article{albert2001latent,
  title={Latent class modeling approaches for assessing diagnostic error without a gold standard: with applications to p53 immunohistochemical assays in bladder tumors},
  author={Albert, Paul S and McShane, Lisa M and Shih, Joanna H and US National Cancer Institute Bladder Tumor Marker Network and others},
  journal={Biometrics},
  pages={610--619},
  year={2001},
  publisher={JSTOR}
}

@article{jones2010identifiability,
  title={Identifiability of models for multiple diagnostic testing in the absence of a gold standard},
  author={Jones, Geoffrey and Johnson, Wesley O and Hanson, Timothy E and Christensen, Ronald},
  journal={Biometrics},
  volume={66},
  number={3},
  pages={855--863},
  year={2010},
  publisher={Wiley Online Library}
}


@article{cilla2008viruses,
  title={Viruses in community-acquired pneumonia in children aged less than 3 years old: High rate of viral coinfection},
  author={Cilla, Gustavo and Onate, Eider and Perez-Yarza, Eduardo G and Montes, Milagrosa and Vicente, Diego and Perez-Trallero, Emilio},
  journal={Journal of medical virology},
  volume={80},
  number={10},
  pages={1843--1849},
  year={2008},
  publisher={Wiley Online Library}
}

@article{toikka2000streptococcus,
  title={Streptococcus pneumoniae and Mycoplasma pneumoniae coinfection in community acquired pneumonia},
  author={Toikka, P and Juven, T and Virkki, R and Leinonen, M and Mertsola, J and Ruuskanen, O},
  journal={Archives of disease in childhood},
  volume={83},
  number={5},
  pages={413},
  year={2000},
  publisher={BMJ Group}
}

@article{louie2009bacterial,
  title={Bacterial coinfections in lung tissue specimens from fatal cases of 2009 pandemic influenza A (H1N1)-United States, May-August 2009.},
  author={Louie, J and Jean, C and Chen, TH and Park, S and Ueki, R and Harper, T and Chmara, E and Myers, J and Stoppacher, R and Catanese, C and others},
  journal={Morbidity and Mortality Weekly Report},
  volume={58},
  number={38},
  pages={1071--1074},
  year={2009},
  publisher={Epidemiology Program Office, Centers for Disease Control and Prevention (CDC)}
}

@article{smith1984efficient,
  title={Efficient Monte Carlo procedures for generating points uniformly distributed over bounded regions},
  author={Smith, Robert L},
  journal={Operations Research},
  volume={32},
  number={6},
  pages={1296--1308},
  year={1984},
  publisher={INFORMS}
}

@article{van2009xsample,
  title={xsample (): an R function for sampling linear inverse problems},
  author={Van den Meersche, Karel and Soetaert, KER and Van Oevelen, DJ},
  journal={Journal of Statistical Software},
  volume={30},
  year={2009}
}

@article{ising1925beitrag,
  title={Beitrag zur theorie des ferromagnetismus},
  author={Ising, Ernst},
  journal={Zeitschrift f{\"u}r Physik A Hadrons and Nuclei},
  volume={31},
  number={1},
  pages={253--258},
  year={1925},
  publisher={Springer}
}

@article{zhao1990correlated,
  title={Correlated binary regression using a quadratic exponential model},
  author={Zhao, Lue Ping and Prentice, Ross L},
  journal={Biometrika},
  volume={77},
  number={3},
  pages={642--648},
  year={1990},
  publisher={Biometrika Trust}
}

@article{fitzmaurice1993regression,
  title={Regression models for discrete longitudinal responses},
  author={Fitzmaurice, Garrett M and Laird, Nan M and Rotnitzky, Andrea G},
  journal={Statistical Science},
  pages={284--299},
  year={1993},
  publisher={JSTOR}
}

@article{dai2013multivariate,
  title={Multivariate bernoulli distribution},
  author={Dai, Bin and Ding, Shilin and Wahba, Grace and others},
  journal={Bernoulli},
  volume={19},
  number={4},
  pages={1465--1483},
  year={2013},
  publisher={Bernoulli Society for Mathematical Statistics and Probability}
}


@article{berger1999integrated,
  title={Integrated likelihood methods for eliminating nuisance parameters},
  author={Berger, James O and Liseo, Brunero and Wolpert, Robert L and others},
  journal={Statistical Science},
  volume={14},
  number={1},
  pages={1--28},
  year={1999},
  publisher={Institute of Mathematical Statistics}
}